@article{
hoare74,
author = {Hoare, C. A. R.},
title = {Monitors: An Operating System Structuring Concept},
year = {1974},
issue_date = {October 1974},
publisher = {Association for Computing Machinery},
address = {New York, NY, USA},
volume = {17},
number = {10},
issn = {0001-0782},
url = {https://doi.org/10.1145/355620.361161},
doi = {10.1145/355620.361161},
journal = {Commun. ACM},
month = oct,
pages = {549–557},
numpages = {9},
keywords = {structured multiprogramming, synchronization, system
                  implementation languages, monitors, mutual
                  exclusion, operating systems, scheduling}}

@article{
hansen72,
author = {Hansen, Per Brinch},
title = {Structured Multiprogramming},
year = {1972},
issue_date = {July 1972},
publisher = {Association for Computing Machinery},
address = {New York, NY, USA},
volume = {15},
number = {7},
issn = {0001-0782},
url = {https://doi.org/10.1145/361454.361473},
doi = {10.1145/361454.361473},
journal = {Commun. ACM},
month = jul,
pages = {574–578},
numpages = {5},
keywords = {synchronizing events, programming languages, shared data,
                  process communication, mutual exclusion, concurrent
                  processes, operating systems, structured
                  multiprogramming, critical regions}}